@Book{introstatlearning,
  title = {An Introduction to Statistical Learning with Applications in R},
  author = {Gareth James and Daniela Witten and Trevor Hastie and Robert Tibshirani},
  publisher = {Springer},
  year = 2021,
  edition = {2nd},
  note = {ISBN 978-1461471370},
  url =	{https://hastie.su.domains/ISLR2/ISLRv2_website.pdf},
}

@article{breastcancer,
  title = {Predicting Breast Cancer from Risk Factors Using SVM and
Extra-Trees-Based Feature Selection Method},
  author = {Ganjar Alfian and Muhammad Syafrudin and Imam Fahrurrozi  and Norma Latif Fitriyani and Fransiskus Tatas Dwi Atmaji and Tri Widodo and Nurul Bahiyah and Filip Benes and Jongtae Rhee},
  journal = {Computers},
  volume = {11},
  number = {136},
  year = {2022}, url = {https://doi.org/10.3390/computers11090136}
}

@article{lungcancer,
    author = {Yong Mao and Xiaobo Zhou and Daoying Pi and Youxian Sun and Stephen T. C. Wong},
    title = {Multiclass Cancer Classification by Using Fuzzy Support Vector Machine and Binary Decision Tree With Gene Selection},
    journal = {Journal of Biomedicine and Biotechnology},
    year = {2005},
    url = {https://www.ncbi.nlm.nih.gov/pmc/articles/PMC1184049/}
}

@article{mlhistory,
    author = {Bernard Marr},
    title = {A Short History of Machine Learning -- Every Manager Should Read},
    journal = {Forbes},
    year = {2016},
    url = {https://www.forbes.com/sites/bernardmarr/2016/02/19/a-short-history-of-machine-learning-every-manager-should-read/?sh=2519082715e7}
}

@article{trainingvtest,
    author = {Kirsten Barkved},
    title = {The Difference Between Training Data vs. Test Data in Machine Learning
 Short History of Machine Learning -- Every Manager Should Read},
    journal = {obviously.ai},
    year = {2022},
    url = {https://www.obviously.ai/post/the-difference-between-training-data-vs-test-data-in-machine-learning#:~:text=In%20data%20science%2C%20it's%20typical,training%20and%2020%25%20for%20testing.}
}

@article{supvunsup,
    author = {},
    title = {Supervised and Unsupervised learning},
    journal = {Geeks for Geeks},
    year = {2022},
    url = {https://www.geeksforgeeks.org/supervised-unsupervised-learning/}
    }
    
@article{clusteringvassociation
    author = {Komal Swami},
    title = {Machine Learning Made Easy},
    journal = {Data Driven Investor},
    year = {2021},
    url = {https://medium.datadriveninvestor.com/machine-learning-made-easy-8b7dc34506d2}
    }

@article{teitelbaum2021svm,
    author = {Jeremy Teitlebaum},
    title = {Support Vector Machines Lab},
    journal = {},
    year = {2021},
    url = {}
}